<record><leader>00000cas a22000007a 4500</leader><controlfield tag="001">22231568</controlfield><controlfield tag="008">900816d18uu18uuohuwn ne      0    0eng d</controlfield><datafield ind1=" " ind2=" " tag="010"><subfield code="a">sn 90068935 </subfield></datafield><datafield ind1=" " ind2=" " tag="040"><subfield code="a">ONP</subfield><subfield code="b">eng</subfield><subfield code="c">ONP</subfield><subfield code="d">KRTAS</subfield><subfield code="d">OCLCQ</subfield></datafield><datafield ind1=" " ind2=" " tag="042"><subfield code="a">msc</subfield></datafield><datafield ind1="0" ind2="0" tag="245"><subfield code="a">Wooster voice.</subfield></datafield><datafield ind1="3" ind2="0" tag="246"><subfield code="a">Voice</subfield></datafield><datafield ind1=" " ind2=" " tag="260"><subfield code="a">Wooster, Ohio :</subfield><subfield code="b">Carl H. Elliott</subfield></datafield><datafield ind1=" " ind2=" " tag="300"><subfield code="a">v.</subfield></datafield><datafield ind1=" " ind2=" " tag="310"><subfield code="a">Weekly (during the school year)</subfield></datafield><datafield ind1=" " ind2=" " tag="588"><subfield code="a">Description based on: Vol. 11, no. 26 (Apr. 9, 1892).</subfield></datafield><datafield ind1=" " ind2=" " tag="752"><subfield code="a">United States</subfield><subfield code="b">Ohio</subfield><subfield code="c">Wayne</subfield><subfield code="d">Wooster.</subfield></datafield><datafield ind1="0" ind2="0" tag="780"><subfield code="t">University voice (Wooster, Ohio)</subfield><subfield code="w">(DLC)sn 88078505</subfield></datafield><datafield ind1=" " ind2=" " tag="938"><subfield code="a">Kirtas Technologies, Inc.</subfield><subfield code="b">KRTS</subfield><subfield code="n">924788</subfield></datafield><datafield ind1="1" ind2=" " tag="029"><subfield code="a">AU@</subfield><subfield code="b">000025878520</subfield></datafield></record>